1747 3097
345 106 451 151 s‘rXL,
484 118 716 145 HEMIPTERA
748 118 978 145 insomnem
1009 118 1346 145 PHILIPPINAM'M.
1483 105 1560 145 771

182 208 351 246 medium
395 221 545 258 unaque
590 208 735 245 minore
776 213 813 245 et
849 207 1077 245 obsoletiore
1113 207 1322 258 subapieali
1359 207 1616 256 nigro-fuscis.

182 264 345 302 Maculae
368 264 584 313 tegminum
605 264 658 301 ita
680 267 770 301 sunt.
793 263 1008 313 dispositae:
1032 268 1107 301 tres
1130 263 1356 301 discoidales
1379 267 1437 300 sat
1457 276 1617 314 magnae,

182 319 305 370 prima
349 323 436 356 ante
481 319 660 364 medium,
698 331 816 371 prppe
853 324 1024 357 suturam
1062 319 1172 364 clavi,
1203 318 1368 357 secunda
1397 318 1523 357 media
1552 319 1620 356 mi-

182 387 286 420 nore,
331 375 622 420 subrotundata,
667 387 786 425 prope
806 378 992 413 suturam
1030 375 1136 420 clavi,
1168 375 1282 412 tertia
1312 375 1488 420 maxima,
1519 386 1619 424 pone

182 430 350 468 medium
383 432 468 476 sita,
499 436 726 475 transversa,
760 434 939 480 quattuor
970 430 1220 480 subapicales‚
1253 430 1338 468 duae
1360 429 1511 480 oblique
1532 435 1620 467 ante

182 487 319 524 alteras
350 487 499 537 positae,
530 499 667 536 parvae,
700 498 775 522 una
805 485 851 522 ad
883 485 1091 534 marginem
1122 486 1300 523 costalem
1332 498 1430 536 pone
1451 484 1619 523 medium

181 546 218 578 et
255 555 329 579 una
361 543 486 580 minor
514 543 613 579 inter
642 542 739 578 hanc
769 545 807 578 et
837 541 981 590 apicem
1014 541 1099 586 sita,
1132 542 1343 590 marginem
1372 541 1474 578 haud
1509 540 1620 579 attin-

181 611 287 647 gens,
320 611 388 636 nee
419 611 496 635 non
527 610 601 635 una
631 610 745 647 parva
774 609 904 634 versus
934 596 1043 634 basin
1074 597 1306 634 membranae
1337 601 1465 634 costae.

452 704 495 751 V
539 712 567 746 5
609 719 714 758 Subf.
746 714 935 758 Flatina
967 716 1084 755 Srh.

539 793 544 818 ¹
608 799 631 827 (Ὗ
674 805 871 846 Phromnia
901 807 1018 846 STXL.

160 902 190 925 a.
237 888 380 925 Fronte
410 890 553 937 apicem
582 901 709 924 versus
733 888 858 936 plana
888 888 945 923 vel
975 887 1218 923 transversim
1247 885 1491 930 subconveoea,
1523 898 1620 922 mar-

236 945 383 992 qz'nibus
400 944 622 980 lateralibus
638 943 772 980 ibidem
794 943 1065 985 obtusizcsculis,
1087 953 1152 978 nec
1173 942 1358 984 dilatatis,
1379 953 1445 978 nee
1460 942 1618 989 reflexis.

30 1005 62 1041 V
102 1023 135 1058 1.
181 1021 227 1058 P.
264 1021 483 1068 subquctata
528 1019 641 1057 sm„
666 1041 719 1046 --
742 1020 949 1065 Varicolor,
987 1017 1128 1070 pallide
1159 1018 1532 1055 olivaceo-virescens
1563 1018 1621 1055 vel

182 1077 402 1118 flavescens3
441 1077 618 1114 antennis
652 1077 746 1114 totis
777 1076 834 1112 vel
865 1075 911 1112 ad
942 1079 1100 1126 partem,
1131 1074 1244 1111 tarsis
1277 1075 1414 1111 anticis
1446 1074 1621 1111 articulo-

182 1145 253 1182 que
286 1132 421 1182 apicali
451 1136 639 1170 tarsorum
670 1132 906 1183 poeticorum
936 1131 1073 1180 nigris3
1104 1130 1208 1167 tibiis
1239 1130 1493 1167 anterioribus
1515 1130 1622 1180 apice

180 1187 373 1225 interdum
404 1188 623 1233 infuscatis;
656 1187 890 1236 tegminibus
920 1187 1079 1224 maculis
1100 1186 1369 1223 minutissimis
1391 1185 1620 1230 rotundatis,

181 1243 421 1289 subelevatis,
453 1244 580 1281 medio
613 1243 894 1294 subimpressis,
927 1242 1121 1287 obsoletis,
1153 1241 1345 1278 interdum
1369 1241 1479 1278 flavo-
1483 1241 1621 1278 albidis

181 1300 239 1336 vel
277 1299 486 1349 ferugineo-
473 1299 626 1337 -albidis
664 1312 775 1349 parce
813 1299 1042 1349 conspersis,
1074 1311 1170 1335 vena
1200 1297 1332 1335 radiali
1364 1310 1482 1347 prope
1512 1289 1620 1334 basin

180 1356 325 1392 furcata
344 1352 387 1400 ¹),
419 1356 556 1393 frontis
587 1355 824 1404 marginibus
855 1355 1075 1392 lateialibus
1093 1353 1302 1404 parallelis,
1326 1354 1408 1390 basi
1428 1353 1622 1390 levissime

181 1411 481 1460 divergentibus3
514 1412 583 1449 alis
614 1411 769 1455 albidis,
801 1410 907 1448 tibiis
939 1410 1098 1459 posticis
1129 1409 1354 1459 bispinosis.
1405 1409 1445 1458 9.
1497 1409 1619 1458 Long.

184 1469 246 1511 14,
278 1480 363 1517 exp.
396 1472 511 1516 tegm.
545 1469 597 1505 50
627 1467 719 1504 mill.

159 1516 191 1541 V
240 1521 257 1529 ⁷
298 1523 388 1559 Var.
421 1524 452 1559 b
469 1544 522 1548 —
539 1523 788 1572 Tegminibus
819 1521 925 1572 apice
956 1520 1226 1571 angustissime
1249 1519 1620 1569 nigro-marginatis,

181 1544 340 1624 articulo
371 1578 538 1616 secundo
569 1583 820 1616 antennarum
851 1578 974 1625 nigro
1323 1583 1329 1594 ’

154 1627 189 1671 V
239 1631 258 1665 ἶ
300 1635 390 1672 Vm.
424 1647 454 1672 e.
476 1655 530 1660 —
554 1635 784 1683 Tegminum
821 1610 1061 1682 mafginibus
1099 1632 1378 1670 commissurali
1416 1644 1516 1682 pone
1546 1644 1621 1669 me-

180 1689 285 1727 dium
316 1695 352 1727 et
383 1691 522 1740 apieali
554 1695 728 1739 anguste,
762 1690 931 1738 margine
963 1689 1096 1726 costali
1126 1689 1255 1739 paullo
1285 1688 1413 1733 latius,
1445 1700 1514 1725 nec
1543 1700 1621 1725 non

179 1746 355 1783 antennis
385 1746 478 1783 totis
508 1746 642 1792 nigris.
1512 1743 1514 1745 ’

292 1802 564 1850 Congenerieis
599 1802 764 1839 maxime
800 1800 951 1845 similis,
983 1801 1087 1837 notis
1118 1800 1241 1837 allatis
1273 1799 1465 1837 distincta.
1525 1799 1621 1836 Dor-

181 1870 263 1895 sum
286 1858 501 1895 abdominis
521 1857 673 1895 feminae
693 1857 821 1894 medio
843 1857 978 1894 obtuse
994 1855 1618 1905 rotundato-angli]ato-elevatum.

136 1949 190 1973 aa.
237 1936 380 1972 Fronte
415 1938 560 1985 apicem
595 1948 723 1972 versus
758 1937 842 1972 licet
879 1935 1035 1971 obsolete
1064 1941 1099 1971 et
1128 1936 1261 1971 sensim
1291 1936 1411 1971 minus
1441 1945 1618 1977 concava,

235 1993 464 2039 marqim'bus
508 1991 729 2028 lateralibus
772 1991 909 2028 ibidem
946 1992 1067 2028 acutis
1102 1991 1159 2026 vel
1194 1990 1438 2027 subdz'latatis
1474 1995 1508 2026 et
1537 1989 1619 2026 sub-

239 2048 396 2095 refleoeis.

18 2116 73 2171 [ss
98 2116 133 2151 2.
180 2115 228 2151 Ρ.
263 2114 455 2151 rubescens
490 2112 607 2151 STRL.
636 2134 684 2139 —
706 2113 1128 2158 Testaceo-flavescens;
1166 2112 1304 2162 capite,
1340 2111 1506 2156 thorace,
1538 2124 1619 2148 scu-

179 2170 269 2207 tello
300 2171 569 2220 tegminusque
600 2169 808 2207 secundum
837 2181 968 2206 sexum
990 2168 1255 2212 discoloribus,
1277 2167 1337 2205 his
1358 2167 1467 2205 basin
1487 2180 1619 2205 versus

180 2227 220 2263 in
237 2239 341 2263 ramo
357 2226 536 2263 interiore
552 2235 658 2262 venae
673 2225 826 2262 radialis
842 2224 989 2262 macula
1016 2237 1132 2275 parva
1154 2224 1312 2261 obscure
1335 2223 1441 2261 fusca
1462 2223 1617 2268 notatis,

181 2282 285 2319 diseo
322 2281 477 2332 obliquo
513 2282 724 2331 posteriore
761 2281 801 2318 in
841 2281 1003 2318 colorem
1040 2281 1210 2330 griseum
1239 2279 1298 2317 vel
1327 2279 1468 2330 pallide
1498 2279 1619 2316 fusce-

182 2344 348 2375 scentem
385 2341 562 2386 vergente
593 2342 630 2375 et
659 2337 806 2388 postiee
837 2337 953 2374 fascia
984 2336 1201 2374 abbreviata
1231 2335 1388 2385 obliqua
1417 2334 1617 2385 pallidiore

180 2398 310 2431 notato
320 2410 329 2438 ;
373 2393 442 2431 alis
478 2393 634 2438 albidis3
673 2392 861 2438 antennis,
892 2392 999 2429 tibiis
1029 2384 1298 2436 anterioribus]
1329 2391 1411 2428 basi
1446 2394 1616 2440 excepta,

179 2450 303 2494 tarsis,
349 2449 542 2486 interdum
587 2449 698 2486 etiam
734 2449 840 2486 tibiis
876 2444 1037 2498 posticis
1073 2447 1218 2498 apicem
1248 2460 1378 2484 versus
1409 2446 1530 2496 nigris
1559 2446 1618 2483 vel

180 2505 472 2555 nigricantibus.
531 2505 587 2549 &h
618 2505 659 2554 9.
717 2505 840 2553 Long.
876 2505 1050 2549 13-16‚
1082 2516 1165 2554 exp.
1196 2507 1312 2552 tegm.
1337 2503 1501 2540 46—53
1522 2502 1614 2539 mill.

291 2561 348 2606 0².
395 2561 542 2611 Capite,
587 2560 749 2605 thorace,
788 2560 947 2597 scutello
984 2559 1293 2609 tegminibusque
1322 2557 1616 2596 testaceo-flave-

181 2616 385 2661 scentibus,
417 2617 457 2653 in
488 2628 661 2653 croceum
692 2616 862 2654 obsolete
891 2615 1148 2664 vergentibus,
1180 2615 1239 2652 his
1269 2614 1374 2665 apice
1403 2614 1478 2651 late
1500 2613 1615 2663 grise-

181 2673 385 2717 scentibus,
419 2672 523 2709 disco
553 2672 764 2722 posteriore
796 2672 950 2721 obliquo
981 2671 1242 2709 subinfuscato
1273 2674 1311 2707 et
1340 2670 1457 2707 fascia
1486 2669 1615 2707 abbre-

180 2730 280 2766 viata
324 2728 477 2778 obliqua
521 2727 662 2778 pallide
707 2727 1188 2765 subtestaceo-flavescente
1232 2726 1423 2777 posterius
1464 2729 1613 2770 notato3

180 2785 382 2823 abdomine
413 2784 527 2821 dorso
558 2783 727 2821 anterius
758 2787 815 2821 sat
846 2783 919 2820 alte
950 2783 1259 2821 eonico-elevato.

116 2871 139 2909 ¹)
165 2872 201 2904 In
227 2871 372 2913 exemplo
396 2881 461 2903 nno
484 2870 552 2902 basi
576 2870 646 2912 ipsa
670 2871 805 2905 furcata.
