1747 3097
178 121 260 162 762
290 127 511 162 urvssnsmr
541 137 589 161 AF
620 136 655 161 K.
691 135 1016 161 mrumst-Ami).
1052 126 1403 166 F'ORHANDLINGAR,
1442 135 1556 163 1870.

235 225 480 263 obtusissime
498 223 989 272 rotundato-subaugulato,
1007 223 1160 260 thorace
1179 223 1243 260 vix
1258 223 1443 272 longiore.
1475 225 1515 274 ῼ.
1549 225 1672 274 Long.

235 279 300 331 δὲ.
332 281 396 318 lat.
428 280 526 318 thor.
560 278 613 330 1}
641 279 734 316 mill.

297 340 316 363 0
346 336 378 373 I.
406 337 579 385 patrueli
607 334 756 378 similis,
789 334 856 371 sed
886 335 1021 379 minor,
1053 333 1177 384 capite
1205 334 1375 372 breviore
1401 340 1443 372 et
1466 335 1673 380 obtusiore,

234 392 437 440 carinaque
468 390 604 427 frontis
636 389 772 427 differt.
804 390 932 466 ἱ>Σο101
964 395 1001 427 et
1023 390 1174 439 pictura
1195 391 1364 440 corporis
1385 391 1675 441 tegminumque

234 446 490 484 verisimiliter
520 446 639 483 variat
669 445 726 482 uti
757 446 797 482 in
827 445 859 483 I.
885 446 1067 495 patrueli.

658 525 721 565 ΨΟ
757 541 895 593 'l'ylana
925 543 1041 582 STKL.

648 623 764 672 Subg.
796 623 1011 660 Scalabis
1043 620 1157 659 STRL.

234 689 374 727 Vertex
402 694 655 734 transversus,
687 689 808 727 oculis
841 689 989 726 circiter
1021 689 1141 738 duplo
1171 689 1297 734 latior,
1325 689 1409 726 basi
1430 689 1675 726 obtusissime

121 747 312 791 sinuatus,
358 746 464 796 apice
507 748 706 782 truncatus
749 751 786 782 et
822 745 947 782 medio
985 744 1265 782 obsoletissime
1296 745 1558 789 subsinuatus,
1591 745 1674 794 plus

121 802 240 852 duplo
275 802 389 838 latior
419 813 533 850 quam
563 800 727 849 longior.
787 800 910 838 Frons
941 801 1068 850 plana,
1100 801 1189 845 lata,
1221 800 1350 850 paullo
1380 801 1533 849 longior
1563 813 1674 850 quam

120 858 246 902 latior,
278 870 376 907 pone
407 856 576 893 medium
606 855 715 893 basin
745 869 876 893 versus
907 856 1099 893 levissime
1131 860 1346 905 angustata,
1379 856 1526 906 apicem
1546 868 1676 892 versus

122 913 315 962 utrimque
359 911 577 956 rotundata,
624 911 763 948 carinis
801 911 949 949 duabus
986 912 1115 962 paullo
1153 912 1332 956 curvatis,
1372 924 1439 948 nec
1469 912 1579 948 basin
1609 924 1677 948 nec

122 970 272 1019 apicem
317 967 610 1017 attingentibus,
647 979 769 1016 prope
806 968 918 1004 basin
956 968 1278 1016 convergentibus
1316 970 1352 1004 et
1383 967 1675 1012 confluentibus,

122 1024 358 1074 marginibus
388 1023 609 1060 lateralibus
633 1022 734 1059 haud
756 1022 914 1060 reflexis.
961 1022 1125 1073 Clypeus
1147 1023 1283 1060 obtuse
1303 1023 1478 1060 inflexus.
1526 1023 1676 1060 Thorax

120 1080 246 1118 antice
282 1092 382 1130 pone
417 1079 598 1116 verticem
634 1078 771 1115 obtuse
801 1078 1046 1124 rotundatus,
1078 1079 1526 1116 discoaeoncaviusculus
1558 1083 1595 1116 et
1624 1078 1678 1115 bi-

120 1137 343 1186 impressus,
381 1135 510 1172 carina
544 1134 766 1172 destitutus.
828 1134 965 1171 Clavus
985 1135 1179 1186 ‚angulum
1211 1135 1340 1185 ipsum
1370 1135 1550 1172 obtusum
1583 1135 1678 1172 inte-

122 1192 261 1229 riorem
295 1191 511 1240 tegminum
542 1190 750 1239 attingenS,
783 1191 889 1227 venis
920 1202 1018 1240 pone
1049 1190 1219 1227 medium
1249 1191 1343 1227 clavi
1373 1190 1414 1227 in
1444 1203 1559 1228 unam
1591 1203 1678 1227 con-

115 1247 277 1297 junctis,
315 1259 410 1284 vena
446 1247 627 1284 interiore
664 1258 795 1283 versus
833 1245 1002 1282 medium
1033 1259 1119 1283 cum
1149 1250 1256 1296 parte
1286 1245 1482 1295 adjacente
1515 1250 1572 1284 sat
1603 1246 1677 1283 alte

121 1303 277 1341 elevata.
338 1303 420 1339 Alae
453 1315 572 1353 prope
603 1302 751 1352 apicem
781 1302 887 1339 venis
919 1301 1067 1339 duabus
1097 1302 1324 1339 transversis
1354 1303 1564 1340 instructae.

22 1359 93 1413 so
153 1372 186 1408 1.
236 1372 278 1407 Τ.
318 1366 525 1419 (Scalabis)
556 1369 778 1418 plzilippina
816 1367 932 1406 STKL.
955 1389 1010 1394 —-
1031 1369 1214 1406 Testaceo
1245 1368 1303 1405 vel
1332 1369 1677 1406 fusco-flavescens.

232 1427 583 1475 fusco-conspersa;
614 1424 824 1462 femoribus
854 1424 1040 1475 tibiisque
1072 1424 1326 1462 anterioribus
1358 1424 1516 1462 obscure
1546 1425 1676 1469 fuscis,

232 1483 379 1519 minute
416 1480 759 1531 pallido-irroratis.
819 1480 858 1530 ῼ.
919 1481 1043 1529 Long.
1082 1493 1183 1530 corp.
1223 1483 1259 1526 5,
1298 1481 1400 1530 long.
1440 1493 1526 1517 cum
1561 1485 1676 1529 tegm.

234 1539 271 1581 6,
301 1538 365 1575 lat.
397 1537 496 1573 thor.
531 1537 553 1573 2
585 1536 678 1573 mill.
893 1576 897 1579 ,

345 1593 471 1643 Caput
516 1592 684 1629 obsolete
729 1592 964 1629 confluenter
1007 1592 1385 1641 fusco-variegatum3
1423 1592 1560 1628 vertice
1596 1592 1678 1629 tho-

232 1663 317 1687 race
355 1648 515 1686 dimidio
552 1648 737 1693 breviore,
768 1648 1014 1685 transversim
1045 1648 1180 1685 leviter
1210 1654 1401 1686 excavato.
1463 1647 1611 1684 Thorax
1643 1653 1677 1685 et

233 1705 435 1743 scutellum
480 1705 628 1741 minute
665 1707 701 1740 et
738 1704 825 1754 plus
862 1704 990 1741 minus
1027 1703 1208 1742 distincte
1239 1704 1582 1753 fusco-conspersa,
1615 1703 1677 1740 ille

233 1762 281 1799 ad
316 1761 526 1810 marginem
562 1760 730 1797 anticum
761 1760 1082 1810 impressionibus
1113 1760 1374 1810 compluribus
1404 1759 1532 1809 parvis
1564 1760 1678 1796 fuscis

232 1819 455 1855 instructus.
502 1816 688 1864 Tegmina
709 1816 892 1860 alutacea,
912 1817 1019 1866 apice
1041 1816 1288 1854 obtusissime
1309 1815 1527 1860 rotundata,
1550 1815 1677 1865 paullo

232 1874 407 1922 longiora
437 1885 550 1922 quam
579 1872 726 1916 latiora,
759 1872 899 1920 angulo
931 1872 1069 1922 apicali
1098 1872 1279 1909 interiore
1311 1872 1462 1918 obtuso,
1495 1871 1678 1908 exteriore

232 1929 458 1973 rotundat03
505 1928 614 1965 basin
659 1940 790 1964 versus
835 1927 951 1965 dense
996 1932 1033 1965 et
1078 1928 1325 1973 coufluenter,
1365 1929 1512 1978 apicem
1549 1941 1677 1965 versus

234 1986 376 2023 sensim
420 1985 604 2021 remotius
649 1984 990 2033 fusco-conspersa,
1028 1983 1266 2032 marginibus
1303 1984 1437 2021 costali
1474 1990 1511 2022 et
1542 1985 1676 2035 apicali

233 2042 381 2079 minute
411 2039 877 2089 nigro-fusco—maculatis.
938 2040 1022 2076 Alae
1051 2039 1184 2076 leviter
1213 2039 1424 2077 infuscatae.

10 2108 51 2147 Μ’
83 2094 109 2123 δ’
150 2109 186 2146 2.
237 2109 277 2145 T.
318 2104 525 2157 (Scalabis)
572 2107 740 2154 caqalz'ca
777 2104 895 2147 STRL
920 2126 974 2130 —
997 2106 1181 2143 Testaceo
1219 2107 1279 2144 vel
1315 2107 1676 2156 griseo-flavescens,

233 2163 372 2214 pallide
408 2163 755 2212 fusco-conspersa3
792 2156 941 2198 macula
976 2162 1071 2199 corii
1105 2162 1311 2200 rotundata
1339 2162 1387 2199 ad
1418 2162 1587 2200 medium
1619 2176 1679 2200 su-

232 2224 328 2256 turae
373 2219 468 2256 clavi
505 2219 579 2256 sita
616 2218 792 2262 eburnea,
831 2217 989 2258 callosa:
1028 2218 1235 2256 femoribus
1266 2218 1450 2268 tibiisque
1482 2220 1678 2256 anteriori-

233 2275 305 2312 bus
337 2275 465 2319 fuscis,
497 2274 898 2325 pallido-conspe1·sis;
931 2273 999 2312 alis
1030 2273 1163 2311 leviter
1193 2274 1404 2312 infuscatis.
1450 2275 1507 2320 0².
1554 2276 1676 2324 Long.

234 2344 320 2368 cum
351 2335 466 2379 tegm.
499 2329 565 2380 43,
598 2331 663 2367 lat.
696 2330 761 2366 vix
791 2330 814 2366 2
846 2329 938 2366 mill.

345 2385 583 2423 Praecedenti
599 2385 763 2422 maxime
779 2385 916 2430 affinis,
935 2385 1082 2422 macula
1097 2386 1313 2435 tegminum
1328 2386 1467 2423 callosa
1481 2385 1674 2424 distincta.

526 605 602 642 xlc

644 2472 722 2517 VO
759 2481 897 2521 Lollius
928 2484 1042 2524 errat.

526 2552 640 2589 Hem.
673 2552 738 2589 afr.
771 2552 845 2589 ΠΙ.
879 2565 915 2601 p.
951 2552 1042 2589 209.
1076 2553 1222 2597 (1865)
1236 2549 1278 2597 ¹).

21 2615 57 2657 is
82 2626 103 2654 [2
151 2622 187 2658 1.
232 2620 280 2656 L.
307 2620 477 2668 furcifer
508 2617 622 2656 STRL.
641 2619 843 2655 —Dilute
875 2618 1281 2664 olivaceo-flavescens‚
1313 2617 1473 2664 nitidus,
1499 2620 1677 2668 tegmini-

232 2676 304 2713 bus
335 2674 440 2712 disco
471 2678 508 2711 et
538 2674 686 2725 apicem
716 2687 846 2711 versus
876 2674 1009 2711 leviter
1039 2674 1344 2720 rubescentibus,
1365 2674 1470 2712 venis
1493 2675 1677 2713 olivaceo-

163 2762 186 2802 ¹)
209 2763 248 2794 In
274 2765 446 2804 conspectu
471 2772 624 2803 generum
649 2762 671 2793 l.
696 2772 722 2792 c.
748 2761 915 2803 proposito
940 2761 1025 2802 lege:

209 2815 335 2857 73(74).
374 2817 503 2849 Vertice
521 2817 610 2859 apice
628 2820 788 2855 truncato,
807 2827 880 2848 raro
898 2816 1133 2848 subrotundato
1151 2816 1201 2848 vel
1218 2815 1417 2853 subsinuato,
1435 2816 1543 2847 fronte
1560 2816 1677 2848 car-inis

300 2873 423 2904 duabus
448 2873 498 2905 vel
517 2873 631 2910 tribus,
650 2873 741 2905 basin
760 2883 870 2904 versus
889 2871 922 2902 in
941 2882 1038 2903 unam
1057 2872 1142 2904 haud
1162 2869 1352 2911 conjunctis,
1378 2871 1546 2903 instructa.
1561 2851 1605 2894 E
1619 2874 1677 2914 Ty-

301 2930 379 2960 lana
403 2925 504 2960 STKL.
