1747 3097
338 111 446 157 s'rKL,
478 122 714 148 flammam
744 121 974 148 INSULARUM
1006 120 1339 147 PHILIPPINARUM.
1474 106 1555 148 759

59 214 220 258 sinuata,
264 211 496 257 tricarinata‚
543 212 682 249 carinis
718 211 937 248 lateralibus
973 211 1100 248 medio
1136 209 1184 247 ad
1219 209 1410 258 margines
1447 210 1611 247 maxime

58 268 390 320 appropinquatis,
437 280 589 305 sursum
627 267 768 306 sensim
804 265 1310 315 arcuato-convergentibus‚
1341 265 1382 301 in
1412 264 1495 302 basi
1526 266 1611 315 ipsa

59 324 182 362 media
226 323 362 361 frontis
407 324 706 368 confluentibus3
751 323 884 372 clypeo
920 322 1053 360 leviter
1087 322 1238 366 inflexo,
1276 320 1417 358 carinis
1447 319 1610 365 duabus,

58 381 249 429 margines
293 379 467 417 laterales
503 378 795 430 occupantibuS,
834 378 963 415 sensin
999 377 1318 426 convergentibus
1349 379 1386 413 et
1415 375 1456 413 in
1486 375 1614 413 medio

57 435 178 486 clypei
222 435 452 485 conjunctis,
497 436 697 473 instructo.
763 433 914 471 Thorax
959 433 1041 470 basi
1084 436 1297 477 truncatus,
1343 432 1467 469 antice
1511 444 1612 481 pone

57 491 234 528 verticem
280 491 415 529 obtuse
460 491 674 540 angulatas,
719 490 913 538 utrimque
950 501 1049 539 pone
1087 488 1217 526 oculos
1248 487 1437 538 profunde
1468 491 1505 525 et
1535 487 1612 524 fere

59 559 176 597 usque
221 546 268 583 ad
313 547 522 596 marginem
559 546 752 597 posticum
788 545 976 589 sinuatus,
1015 543 1142 581 carina
1172 543 1310 580 obtusa
1338 542 1611 592 longitudinali

56 603 279 640 instructus.
342 603 554 641 Scutellum
598 601 753 641 thorace
789 601 852 638 vix
889 600 975 650 plus
1013 611 1127 649 quam
1158 598 1317 635 dimidio
1348 599 1515 648 longius,
1546 598 1613 636 tri-

56 658 281 703 carinatum,
320 658 459 696 carinis
489 657 707 696 lateralibus
738 656 939 694 obsoletis.
1000 654 1186 703 Tegmina
1216 654 1362 704 apicem
1395 654 1614 691 abdominis

57 714 232 751 nonnihil
278 714 509 765 superantia,
557 713 810 761 subofflonga,
856 712 1003 762 apicem
1041 723 1173 747 versus
1210 722 1280 747 nec
1317 710 1512 759 ampliata,
1544 722 1614 747 nec

57 776 271 818 angustata,
316 770 424 820 apice
469 769 687 813 rotundata,
731 767 838 805 venis
874 767 1000 811 rectis,
1038 765 1241 816 parallelis,
1279 765 1484 811 distinctis,
1517 778 1614 803 vena

58 826 191 862 radiali
238 826 313 863 fere
357 825 405 863 ad
448 825 559 863 basin
595 824 751 868 furcata,
790 836 884 860 vena
914 822 1038 859 ulnari
1069 821 1253 859 exteriore
1284 834 1404 872 prope
1434 821 1545 858 basin
1576 824 1614 858 et

59 894 152 918 vena
184 881 307 918 ulnari
336 880 516 918 interiore
547 880 621 917 fere
651 880 692 916 in
722 878 848 916 medio
879 878 1061 928 tegminis
1092 878 1260 922 furentis,
1293 877 1408 914 ramis
1430 890 1613 914 venarum

58 937 319 986 simplicibus,
353 937 460 973 venis
490 935 715 973 transversis
747 948 813 986 per
843 936 1014 984 tegmina
1037 934 1192 984 sparsis,
1217 933 1413 978 obsoletis,
1437 933 1614 977 remotis;

58 993 162 1029 venis
207 992 303 1029 clavi
345 1005 446 1042 pone
491 991 660 1028 medium
698 991 794 1028 clavi
833 991 872 1028 in
912 1003 1026 1028 unam
1057 989 1286 1040 conjunctis.
1347 989 1430 1026 Alae
1461 988 1612 1039 amplae,

59 1048 267 1092 latissimae,
299 1047 407 1097 apice
438 1052 546 1085 acute
577 1047 834 1096 emarginatae,
868 1046 1014 1097 apicem
1046 1058 1176 1085 versus
1208 1045 1314 1082 venis
1344 1045 1469 1082 tribus
1491 1048 1613 1081 trans-

57 1103 174 1141 versis
212 1103 423 1148 instructae,
454 1103 560 1140 venis
593 1103 752 1148 duabus,
786 1115 870 1153 qnae
901 1115 1032 1139 versus
1065 1101 1387 1150 emarginaturam
1417 1100 1520 1138 illam
1553 1113 1615 1137 ex-

56 1163 223 1203 currunt,
257 1158 402 1209 apicem
433 1172 563 1197 versus
593 1159 633 1196 in
665 1172 780 1196 unam
812 1158 1101 1206 crassiusculam
1132 1157 1347 1207 conjunctis
1357 1174 1366 1202 3
1397 1169 1482 1194 area
1513 1156 1614 1193 anali

57 1215 305 1265 amplissima,
329 1228 423 1252 vena
446 1215 559 1252 unica
581 1215 746 1265 simplici
763 1215 962 1252 instructa.
1000 1213 1204 1250 Abdomen
1221 1212 1458 1262 depressum.
1495 1211 1618 1249 Pedes

56 1271 279 1315 mediocres,
318 1271 524 1321 simplices,
555 1271 662 1308 tibiis
700 1270 953 1308 anterioribus
984 1269 1193 1306 femoribus
1225 1268 1402 1306 nonnihil
1431 1268 1614 1317 longiori-

56 1327 139 1371 bus,
173 1326 333 1376 posticis
369 1340 470 1377 pone
501 1326 671 1364 medium
702 1326 931 1376 bispinosis3
963 1325 1076 1362 tarsis
1106 1325 1267 1374 posticis
1298 1324 1457 1361 articulo
1489 1323 1614 1374 primo

58 1382 268 1433 apicalibus
300 1382 419 1420 duobi
437 1397 449 1405 ⁸
482 1383 596 1420 simul
626 1382 764 1422 sumtis
793 1380 1038 1431 longitudine
1070 1380 1295 1430 subaequali.

169 1438 252 1475 Hoc
296 1396 597 1487 geniffibbEnpili
641 1422 902 1486 efflTempsca
940 1437 1154 1487 praesertim
1192 1439 1348 1486 propter
1383 1438 1613 1472 structuram

57 1495 211 1538 alarum,
250 1499 308 1531 est
343 1494 452 1531 valde
488 1495 613 1539 affine,
646 1494 772 1531 differt
802 1498 931 1531 tamen
962 1493 1141 1530 distincte
1172 1495 1361 1529 structura
1392 1491 1530 1541 capitis
1559 1494 1614 1527 te-

57 1550 319 1599 gminumque
610 1577 650 1602 s

11 1625 62 1658 ἢ)
87 1629 121 1664 1.
168 1626 208 1664 S.
239 1627 566 1728 ξτέηρέεέὃῖὶὸἱέΑιΚ.
585 1605 758 1664 —OIssus
787 1628 947 1676 simplex
976 1626 1131 1671 WALK„
1163 1626 1249 1663 List
1280 1625 1322 1663 of
1344 1625 1459 1663 Hom.
1485 1623 1612 1674 suppl.

169 1696 204 1732 p.
267 1693 274 1700 ·
296 1713 303 1719 .
356 1686 374 1720 1
487 1713 494 1720 .

206 1733 261 1772 VC
281 1739 386 1777 Issus
408 1746 542 1777 acutus
565 1739 701 1776 WALK.
728 1739 831 1784 (List
854 1739 897 1776 of
913 1738 1028 1775 Hom.
1053 1738 1106 1775 Π.
1131 1751 1168 1788 p.
1193 1738 1286 1775 369.
1306 1738 1376 1782 21)
1394 1737 1457 1774 vix
1474 1736 1612 1773 differt.

563 1810 650 1859 VO
684 1835 837 1876 Vindius
869 1837 984 1876 sm.

171 1918 318 1966 Corpus
350 1920 517 1962 ovatum,
540 1917 717 1954 nonnihil
738 1917 972 1967 depressum,
994 1916 1230 1965 tegminibus
1252 1915 1443 1953 convexis
1491 1915 1616 1964 Caput

60 1973 295 2023 depressum,
340 1972 396 2010 uti
440 1972 590 2010 videtur
636 1973 787 2010 thorace
831 1973 958 2017 latius,
1006 1972 1072 2009 sed
1118 1985 1157 2009 se
1202 1985 1287 2008 vera
1332 1971 1367 2008 ei
1410 1969 1615 2008 latitudine

59 2028 420 2078 subaequale,.basi
465 2029 601 2066 obtuse
646 2028 1080 2073 rotundato-sinuatum,
1128 2032 1215 2065 ante
1261 2027 1389 2065 oculos
1433 2031 1492 2064 sat
1528 2038 1616 2075 pro-

59 2084 229 2129 ductum,
276 2097 297 2121 a
340 2084 457 2121 latere
495 2085 619 2121 visum
656 2084 1054 2134 nasum-productum,
1092 2097 1214 2133 usque
1245 2096 1265 2120 a
1295 2083 1377 2120 basi
1408 2081 1615 2119 admodum

59 2140 219 2185 declive,
274 2140 412 2177 vertice
457 2140 584 2190 plano,
630 2141 820 2190 posterius
866 2140 986 2177 oculis
1031 2139 1236 2176 latitudine
1281 2138 1505 2188 subaequali,
1552 2151 1615 2174 an-

58 2205 224 2234 trorsum
271 2196 412 2233 sensim
449 2196 888 2246 subsinuato-ampliato,
927 2200 1014 2233 ante
1052 2195 1182 2232 0011103
1211 2195 1500 2244 triangulariter
1530 2206 1616 2244 pro·

59 2253 186 2296 (lucto,
234 2251 315 2288 basi
360 2265 437 2288 non
475 2251 549 2289 nisi
586 2252 776 2289 levissime
813 2251 1136 2301 obtusissimeque
1173 2251 1339 2296 sinuato,
1376 2249 1616 2299 marginibus

59 2307 277 2345 lateralibus
328 2307 429 2344 haud
480 2307 652 2352 elevatis3
703 2308 828 2345 fronte
879 2308 1064 2358 genisque
1114 2307 1294 2351 confusis,
1341 2307 1468 2343 carina
1512 2305 1617 2342 nulla

59 2364 257 2414 separatis,
291 2363 527 2412 conjunctim
558 2364 750 2409 convexis,
781 2364 848 2401 illa
877 2364 992 2408 brevi,
1025 2363 1132 2400 disco
1164 2362 1467 2406 concaviuscula,
1496 2374 1615 2411 prope

60 2420 171 2456 basin
208 2419 398 2468 utrimque
430 2420 529 2456 inter
559 2420 689 2457 oculos
721 2423 758 2457 et
788 2419 959 2457 medium
990 2419 1173 2468 marginis
1203 2419 1344 2456 basalis
1375 2419 1415 2455 in
1448 2417 1615 2454 carinam

59 2483 326 2520 transversam,
359 2475 443 2525 ipsa
474 2475 744 2520 subsuleatam,
776 2476 932 2520 elevata,
969 2475 1093 2525 spatio
1124 2475 1224 2512 inter
1253 2474 1350 2511 hanc
1382 2473 1547 2510 carinam
1579 2476 1618 2509 et

60 2531 271 2582 marginem
316 2531 484 2567 anticum
530 2531 682 2569 verticis
727 2532 1031 2576 concaviusculo,
1071 2534 1284 2568 extrorsum
1322 2533 1358 2566 et
1390 2529 1615 2566 subsursum

61 2591 250 2636 vergente,
296 2599 365 2624 nec
409 2586 449 2623 111
486 2587 601 2636 plano
639 2587 776 2624 frontis
808 2587 975 2637 jacente;
1008 2587 1140 2636 clypeo
1172 2599 1350 2630 convexo,
1384 2585 1523 2622 carinis
1555 2583 1616 2621 de-

61 2643 210 2680 stituto.
256 2642 438 2679 Rostrum
469 2642 628 2679 articulo
660 2643 795 2680 ultimo
827 2643 975 2680 circiter
997 2643 1114 2692 duplo
1138 2642 1309 2690 longiore
1332 2654 1443 2690 quam
1466 2640 1614 2677 latiore.

60 2698 212 2736 Thorax
247 2698 329 2735 basi
366 2698 876 2744 subrotundato-truncatus,
914 2699 1038 2736 antice
1075 2699 1211 2735 obtuse
1242 2697 1484 2741 rotundatus,
1516 2709 1616 2746 pone

62 2754 190 2792 oculos
236 2754 399 2791 maxime
435 2754 622 2804 profunde
660 2754 846 2800 sinuatus,
884 2760 992 2804 parte
1024 2754 1208 2791 exteriore
1239 2753 1436 2790 oculorum
1467 2756 1615 2802 partem

61 2810 284 2847 exteriorem
328 2810 495 2847 thoracis
534 2810 764 2855 occultante;
802 2810 929 2848 carina
965 2810 1083 2847 nulla.
1145 2809 1352 2846 Scutellum
1383 2808 1521 2845 carinis
1553 2807 1615 2844 de-

61 2866 251 2911 stitutum,
282 2865 435 2904 thorace
466 2865 615 2903 circiter
645 2865 805 2904 dimidio
834 2866 1001 2915 longius.
1052 2865 1239 2914 Tegmina
1270 2877 1446 2909 convexa,
1480 2863 1615 2908 ovalia,
